@article{andrews2000digital,
  title={Digital technology integration in primary education: A longitudinal study},
  author={Andrews, Bernice and Brewin, Chris R and Rose, Suzanna and Kirk, Michael},
  journal={Journal of Educational Technology},
  volume={15},
  number={2},
  pages={218--223},
  year={2000},
  publisher={Educational Technology Research}
}

@book{lewis1971computers,
  title={Computers in education: Early developments and applications},
  author={Lewis, Helen Block},
  year={1971},
  publisher={Educational Press},
  address={New York, NY}
}

@inproceedings{beck2011whiteboards,
  title={Interactive whiteboards and student engagement: A comprehensive analysis},
  author={Beck, J. Gayle and McNiff, Judiann and Clapp, Joshua D and Olsen, Shira A and Avery, Megan L and Hagewood, J. Houston},
  booktitle={Proceedings of the International Conference on Educational Technology},
  pages={153--159},
  year={2011},
  organization={ICET}
}

@techreport{lopez2019impact,
  title={The impact of digital technology on learning outcomes: A meta-analysis},
  author={Lopez-Castro, Teresa and Saraiya, Tanya and Zumberg, Kathryn and Kuffel, Stephanie},
  institution={National Center for Educational Technology},
  year={2019},
  number={TR-2019-01},
  type={Technical Report}
}

@phdthesis{badour2017literacy,
  title={Digital literacy and academic achievement: A systematic review and meta-analysis},
  author={Badour, Christal L},
  school={University of South Carolina},
  year={2017},
  type={PhD dissertation}
}

@article{smith2020intervention,
  title={Technology-enhanced learning interventions: A randomized controlled trial},
  author={Smith, John A and Johnson, Mary B and Williams, Robert C and Brown, Sarah L},
  journal={Journal of Educational Psychology},
  volume={76},
  number={8},
  pages={1456--1472},
  year={2020},
  publisher={Wiley Online Library}
}

@manual{davis2021guidelines,
  title={Digital technology integration guidelines for educational institutions},
  author={Davis, Emily R and Thompson, Michael K and Garcia, Lisa A and Wilson, David P},
  organization={International Society for Technology in Education},
  year={2021},
  edition={2nd}
}

@misc{chen2022meta,
  title={Meta-analysis of digital technology effectiveness in education},
  author={Chen, Wei and Anderson, Jennifer L and Martinez, Carlos R and Taylor, Amanda K},
  howpublished={Preprint},
  year={2022},
  note={Available at: \url{https://doi.org/10.31234/osf.io/abc123}}
}

@book{rodriguez2023transformation,
  title={Digital transformation in education: A comprehensive guide},
  author={Rodriguez, Maria S and Thompson, James R},
  year={2023},
  publisher={Oxford University Press},
  address={New York, NY}
}

@inbook{patel2023divide,
  title={Digital divide and educational equity: Pathways to inclusion},
  author={Patel, Priya K and Lee, Jennifer M and Kim, Soo-Jin and Davis, Robert T},
  booktitle={Handbook of educational technology},
  editor={Johnson, Sarah M and Williams, David L},
  pages={245--268},
  year={2023},
  publisher={Routledge},
  address={London, UK}
}

@article{nguyen2024blended,
  title={Blended learning approaches in higher education: Current evidence and future directions},
  author={Nguyen, Linh T and O'Connor, Patrick J and Miller, Sarah K and Johnson, Brian L},
  journal={Educational Technology Research},
  volume={108},
  pages={102--118},
  year={2024},
  publisher={Elsevier}
}

@dataset{thompson2023usage,
  title={Digital technology usage in educational institutions dataset},
  author={Thompson, Rachel M and Davis, Kevin L and Wilson, Amanda S},
  year={2023},
  publisher={Harvard Dataverse},
  doi={10.7910/DVN/ABC456}
}

@software{lee2024toolkit,
  title={Educational Technology Assessment Toolkit (ETAT)},
  author={Lee, Jennifer K and Park, Min-Soo and Kim, Yoon-Ji},
  year={2024},
  url={https://github.com/etat-toolkit/etat},
  version={2.1.0}
}

@webpage{iste2024resources,
  title={Digital technology in education: Resources and guidelines},
  author={{International Society for Technology in Education}},
  year={2024},
  url={https://www.iste.org/standards/technology},
  urldate={2024-01-15}
}

@newspaper{guardian2024impact,
  title={New research reveals the transformative impact of digital technology on education},
  author={Brown, Emma},
  journal={The Guardian},
  year={2024},
  month={January},
  day={12},
  url={https://www.theguardian.com/education/2024/jan/12/digital-technology-education-research}
}

@article{2023,
  title={The evolution of educational technology: A comprehensive review},
  author={Travis, Robert M and Anderson, Lisa K and Martinez, Carlos R},
  journal={Educational Technology Quarterly},
  volume={45},
  number={3},
  pages={156--178},
  year={2023},
  publisher={Educational Technology Press}
} 
